<record><leader>00000cas a22000007a 4500</leader><controlfield tag="001">26121936</controlfield><controlfield tag="008">920702d19141914wyuwr ne      0    0eng d</controlfield><controlfield tag="009">14262</controlfield><datafield ind1=" " ind2=" " tag="010"><subfield code="a">sn 92067126 </subfield></datafield><datafield ind1=" " ind2=" " tag="040"><subfield code="a">NVO</subfield><subfield code="b">eng</subfield><subfield code="c">NVO</subfield><subfield code="d">OCLCQ</subfield></datafield><datafield ind1=" " ind2=" " tag="042"><subfield code="a">msc</subfield></datafield><datafield ind1="0" ind2="0" tag="245"><subfield code="a">Bill Barlow's budget and Converse County review.</subfield></datafield><datafield ind1=" " ind2=" " tag="260"><subfield code="a">Douglas, Converse County, Wyo. :</subfield><subfield code="b">Budget Print. Co.</subfield></datafield><datafield ind1=" " ind2=" " tag="300"><subfield code="a">v.</subfield></datafield><datafield ind1=" " ind2=" " tag="310"><subfield code="a">Weekly</subfield></datafield><datafield ind1="0" ind2=" " tag="362"><subfield code="a">Vol. 29, no. 9 (July 16, 1914)-v. 29, no. 29 (Dec. 3, 1914).</subfield></datafield><datafield ind1=" " ind2=" " tag="515"><subfield code="a">Numbering continues Bill Barlow's budget.</subfield></datafield><datafield ind1=" " ind2="4" tag="651"><subfield code="a">Douglas (Wyo.)</subfield><subfield code="v">Newspapers.</subfield></datafield><datafield ind1=" " ind2="4" tag="651"><subfield code="a">Converse County (Wyo.)</subfield><subfield code="v">Newspapers.</subfield></datafield><datafield ind1=" " ind2=" " tag="752"><subfield code="a">United States</subfield><subfield code="b">Wyoming</subfield><subfield code="c">Converse</subfield><subfield code="d">Douglas.</subfield></datafield><datafield ind1="0" ind2="4" tag="780"><subfield code="t">Bill Barlow's budget</subfield><subfield code="w">(DLC)sn 92067125</subfield></datafield><datafield ind1="0" ind2="4" tag="780"><subfield code="t">Converse County review</subfield></datafield><datafield ind1="0" ind2="0" tag="785"><subfield code="t">Douglas budget and Converse County review</subfield><subfield code="w">(DLC)sn 92067124</subfield></datafield></record>